
@TECHREPORT{RePEc:nbr:nberwo:19647,
	title = {Patent Value and Citations: Creative Destruction or Strategic Disruption?},
	author = {Abrams, David S. and Akcigit, Ufuk and Grennan, Jillian},
	year = {2013},
	institution = {National Bureau of Economic Research, Inc},
	type = {NBER Working Papers},
	number = {19647}
}

@article{10.2307/1912835,
	author = {Ariel Pakes},
	journal = {Econometrica},
	number = {4},
	pages = {755--784},
	publisher = {[Wiley, Econometric Society]},
	title = {Patents as Options: Some Estimates of the Value of Holding European Patent Stocks},
	volume = {54},
	year = {1986}
}

@TECHREPORT{RePEc:nbr:nberwo:19647,
	title = {The NBER Patent Citation Data File: Lessons, Insights and Methodological Tools.},
	author = {Hall, B. H., A. B. Jaffe, and M. Trajtenberg},
	year = {2001},
	institution = {National Bureau of Economic Research, Inc},
	type = {NBER Working Papers},
	number = {8498}
}

@techreport{NBERw25245,
	title = {Who Profits from Patents? Rent-Sharing at Innovative Firms},
	author = {Kline, Patrick and Petkova, Neviana and Williams, Heidi and Zidar, Owen},
	institution = {National Bureau of Economic Research},
	type = {Working Paper},
	series = {Working Paper Series},
	number = {25245},
	year = {November}
	}
	
	@techreport{NBERw21959,
		title = {The Bright Side of Patents},
		author = {Farre-Mensa, Joan and Hegde, Deepak and Ljungqvist, Alexander},
		institution = {National Bureau of Economic Research},
		type = {Working Paper},
		series = {Working Paper Series},
		number = {21959},
		year = {2016},
		month = {February},

	}
	
	@ARTICLE{RePEc:tpr:restat:v:93:y:2011:i:1:p:126-146,
		title = {What Happens When Firms Patent? New Evidence from U.S. Economic Census Data},
		author = {Balasubramanian, Natarajan and Sivadasan, Jagadeesh},
		year = {2011},
		journal = {The Review of Economics and Statistics},
		volume = {93},
		number = {1},
		pages = {126-146},
	}
	
	@ARTICLE{RePEc:aea:aecrev:v:83:y:1993:i:2:p:265-69,
		title = {The Impact on Intangible Capital on Tobin's q in the Semiconductor Industry},
		author = {Megna, Pamela and Klock, Mark},
		year = {1993},
		journal = {American Economic Review},
		volume = {83},
		number = {2},
		pages = {265-69},
	}
	
	@article{10.1257/aer.98.4.1347,
		Author = {Farrell, Joseph and Shapiro, Carl},
		Title = {How Strong Are Weak Patents?},
		Journal = {American Economic Review},
		Volume = {98},
		Number = {4},
		Year = {2008},
		Month = {September},
		Pages = {1347-69},

}


@article{doi:10.1111/joie.12024,
	author = {Noel, Michael and Schankerman, Mark},
	title = {Strategic Patenting and Software Innovation},
	journal = {The Journal of Industrial Economics},
	volume = {61},
	number = {3},
	pages = {481-520},
	year = {2013}
}

@ARTICLE{RePEc:inm:ormnsc:v:50:y:2004:i:6:p:804-820,
	title = {Don't Fence Me In: Fragmented Markets for Technology and the Patent Acquisition Strategies of Firms},
	author = {Ziedonis, Rosemarie Ham},
	year = {2004},
	journal = {Management Science},
	volume = {50},
	number = {6},
	pages = {804-820},

}

@ARTICLE{RePEc:inm:ormnsc:v:55:y:2009:i:7:p:1214-1226,
	title = {Pioneering Inventors or Thicket Builders: Which U.S. Firms Use Continuations in Patenting?},
	author = {Hegde, Deepak and Mowery, David C. and Graham, Stuart},
	year = {2009},
	journal = {Management Science},
	volume = {55},
	number = {7},
	pages = {1214-1226},
}


@article{doi:10.1111/j.1756-2171.2010.00108.x,
	author = {Galasso, Alberto and Schankerman, Mark},
	title = {Patent thickets, courts, and the market for innovation},
	journal = {The RAND Journal of Economics},
	volume = {41},
	number = {3},
	pages = {472-503},
	year = {2010}
}

@ARTICLE{RePEc:inm:ormnsc:v:57:y:2011:i:5:p:915-933,
	title = {Entry and Patenting in the Software Industry},
	author = {Cockburn, Iain and MacGarvie, Megan},
	year = {2011},
	journal = {Management Science},
	volume = {57},
	number = {5},
	pages = {915-933},
}

@ARTICLE{RePEc:eee:ecolet:v:111:y:2011:i:1:p:6-9,
	title = {How to measure patent thickets--A novel approach},
	author = {von Graevenitz, Georg and Wagner, Stefan and Harhoff, Dietmar},
	year = {2011},
	journal = {Economics Letters},
	volume = {111},
	number = {1},
	pages = {6-9},
}
	
	@book{patentblack,
		author = {Miele, Anthony L.},
		title = {Patent Strategy: The Manager's Guide to Profiting from Patent Portfolios},
		year = {2000},
		publisher = {John Wiley \& Sons, Inc.}
	}
	
	
	@ARTICLE{RePEc:tpr:restat:v:81:y:1999:i:3:p:511-515,
		title = {Citation Frequency And The Value Of Patented Inventions},
		author = {Harhoff, Dietmar and Narin, Francis and Scherer, F. M. and Vopel, Katrin},
		year = {1999},
		journal = {The Review of Economics and Statistics},
		volume = {81},
		number = {3},
		pages = {511-515},
	}
	
	@article{article,
		author = {Hall, Bronwyn and Jaffe, Adam and Trajtenberg, Manuel},
		year = {2005},
		month = {03},
		pages = {16-38},
		title = {Market Value and Patent Citations},
		volume = {36},
		journal = {RAND Journal of Economics}
	}
	
	@ARTICLE{RePEc:aea:aecrev:v:98:y:2008:i:4:p:1370-96,
		title = {Does Innovation Cause Stock Market Runups? Evidence from the Great Crash},
		author = {Nicholas, Tom},
		year = {2008},
		journal = {American Economic Review},
		volume = {98},
		number = {4},
		pages = {1370-96},
	}
	
	
		@ARTICLE{RePEc:tpr:restat:v:93:y:2011:i:1:p:126-146,
			title = {What is the Probability of Receiving a U.S. Patent?},
			author = {Carley, Michael and Hegde, Deepak and Marco, Alan},
			year = {2015},
			journal = {17 Yale J.L. & Tech},
			url = {https://digitalcommons.law.yale.edu/yjolt/vol17/iss1/5}
		}

		@techreport{mypaper,
			title = {R\&D Tax Credits: Mechanisms of Private and Public Value},
			author = {Balsmeier, Benjamin and Kurakina, Maria and Stiebale, Joel and Fleming, Lee},
			year = {Working Paper},	
		}
		
		
		@ARTICLE{RePEc:tsj:stataj:v:15:y:2015:i:3:p:672-697,
			title = {Record linkage using Stata: Preprocessing, linking, and reviewing utilities},
			author = {Wasi, Nada and Flaaen, Aaron},
			year = {2015},
			journal = {Stata Journal},
			volume = {15},
			number = {3},
			pages = {672-697},
		}
		
@Article{RePEc:ucp:jpolec:doi:10.1086/688176,
	author={Gerard Hoberg and Gordon Phillips},
	title={{Text-Based Network Industries and Endogenous Product Differentiation}},
	journal={Journal of Political Economy},
	year=2016,
	volume={124},
	number={5},
	pages={1423-1465},
	month={},
	keywords={},
}
		
		
		@Article{RePEc:oup:rfinst:v:23:y:2010:i:10:p:3773-3811,
			author={Gerard Hoberg and Gordon Phillips},
			title={Product Market Synergies and Competition in Mergers and Acquisitions: A Text-Based Analysis},
			journal={Review of Financial Studies},
			year=2010,
			volume={23},
			number={10},
			pages={3773-3811},
			month={October},
			keywords={},
			doi={},
		}
		
		@article{article,
			author = {Blackwell, Matthew and Iacus, Stefano and King, Gary and  Porro, Giuseppe},
			year = {2009},
			month = {01},
			pages = {524-546},
			title = {CEM: Coarsened Exact Matching in stata},
			volume = {9},
			journal = {Stata Journal}
		}
		
		
		@ARTICLE{RePEc:oup:qjecon:v:120:y:2005:i:2:p:701-728.,
			title = {Competition and Innovation: an Inverted-U Relationship},
			author = {Aghion, Philippe and Bloom, Nicholas and Blundell, Richard and Griffith, Rachel and Howitt, Peter},
			year = {2005},
			journal = {The Quarterly Journal of Economics},
			volume = {120},
			number = {2},
			pages = {701-728},
		}
		
		@TechReport{RePEc:red:sed011:21,
			author={Ayse Imrohoroglu and Selale Tuzel},
			title={{Firm Level Productivity, Risk, and Return}},
			year=2011,
			month=,
			institution={Society for Economic Dynamics},
			type={2011 Meeting Papers},
			url={https://ideas.repec.org/p/red/sed011/21.html},
			number={21},
		}
		
		@article{10.2307/1912835,
			author = {Ariel Pakes},
			journal = {Econometrica},
			number = {4},
			pages = {755--784},
			publisher = {[Wiley, Econometric Society]},
			title = {Patents as Options: Some Estimates of the Value of Holding European Patent Stocks},
			volume = {54},
			year = {1986}
		}
		
		@article{10.2307/2118401,
			author = {Adam B. Jaffe and Manuel Trajtenberg and Rebecca Henderson},
			journal = {The Quarterly Journal of Economics},
			number = {3},
			pages = {577--598},
			publisher = {Oxford University Press},
			title = {Geographic Localization of Knowledge Spillovers as Evidenced by Patent Citations},
			volume = {108},
			year = {1993}
		}
		
		@article{10.2307/2696400,
			author = {Bronwyn H. Hall and Rosemarie Ham Ziedonis},
			journal = {The RAND Journal of Economics},
			number = {1},
			pages = {101--128},
			publisher = {[RAND Corporation, Wiley]},
			title = {The Patent Paradox Revisited: An Empirical Study of Patenting in the U.S. Semiconductor Industry, 1979-1995},
			volume = {32},
			year = {2001}
		}
		
		
		@article{10.2307/2998558,
			author = {Joshua D. Angrist},
			journal = {Econometrica},
			number = {2},
			pages = {249--288},
			publisher = {[Wiley, Econometric Society]},
			title = {Estimating the Labor Market Impact of Voluntary Military Service Using Social Security Data on Military Applicants},
			volume = {66},
			year = {1998}
		}
		
		@article{doi:10.1002/smj.4250150906,
			author = {Henderson, Rebecca and Cockburn, Iain},
			title = {Measuring Competence? Exploring Firm Effects in Pharmaceutical Research},
			journal = {Strategic Management Journal},
			volume = {15},
			number = {S1},
			pages = {63-84},
			year = {1994}
		}
		
		@workingpaper {572681,
			title = {Interpreting Signals in the Labor Market: Evidence from Medical Referrals [Job Market Paper]},
			year = {Working Paper},
			author = {Heather Sarsons}
		}
		
	@article{10.1093/qje/qjw040,
		author = {Kogan, Leonid and Papanikolaou, Dimitris and Seru, Amit and Stoffman, Noah},
		title = {Technological Innovation, Resource Allocation, and Growth},
		journal = {The Quarterly Journal of Economics},
		volume = {132},
		number = {2},
		pages = {665-712},
		year = {2017},
		month = {03},
	}
	
	@article{10.1257/aer.20130612,
		Author = {Dobbie, Will and Song, Jae},
		Title = {Debt Relief and Debtor Outcomes: Measuring the Effects of Consumer Bankruptcy Protection},
		Journal = {American Economic Review},
		Volume = {105},
		Number = {3},
		Year = {2015},
		Month = {March},
		Pages = {1272-1311},
}

	@workingpaper {13,
		title = {Shareholder Litigation and Corporate Innovation},
		year = {Working Paper},
		author = {Manso, Gustavo and Lin, Chen and Liu, Sibo}
	}

@ARTICLE{RePEc:ecm:emetrp:v:56:y:1988:i:3:p:497-530,
	title = {Measuring the Effect of Subsidized Training Programs on Movements in and out of Employment},
	author = {Card, David and Sullivan, Daniel},
	year = {1988},
	journal = {Econometrica},
	volume = {56},
	number = {3},
	pages = {497-530},
}
	
		@unpublished{code,
			author = {Williams, Ryan and Xiao, Steven Chong},
			title = {The Real Effect of Stock Prices on the Supply Chain},
			note={Available at SSRN: https://ssrn.com/abstract=2528021},
			year={2017}
		}
		
		
		@ARTICLE{RePEc:eee:jfinec:v:123:y:2017:i:3:p:536-557,
			title = {Independent boards and innovation},
			author = {Balsmeier, Benjamin and Fleming, Lee and Manso, Gustavo},
			year = {2017},
			journal = {Journal of Financial Economics},
			volume = {123},
			number = {3},
			pages = {536-557},

		}
		
		@Article{RePEc:tpr:restat:v:99:y:2017:i:3:p:550-563,
			author={Michael D. Frakes and Melissa F. Wasserman},
			title={{Is the Time Allocated to Review Patent Applications Inducing Examiners to Grant Invalid Patents? Evidence from Microlevel Application Data}},
			journal={The Review of Economics and Statistics},
			year=2017,
			volume={99},
			number={3},
			pages={550-563},
			month={July},
			keywords={},
		}
		
		@incollection{COHEN2010129,
			title = "Chapter 4 - Fifty Years of Empirical Studies of Innovative Activity and Performance",
			series = "Handbook of the Economics of Innovation",
			publisher = "North-Holland",
			volume = "1",
			pages = "129 - 213",
			year = "2010",
			booktitle = "Handbook of The Economics of Innovation, Vol. 1",
			author = "Wesley M. Cohen",

		}
		
			@book{patentblac1,
				author = {Jaffe, Adam B,. and Lerner, Josh},
				title = {Innovation and Its Discontents: How Our Broken Patent System is Endangering Innovation and Progress, and What to do About it},
				year = {2004},
				publisher = {Princeton University Press}
			}